<record><leader>00000cas a22000007a 4500</leader><controlfield tag="001">32928709</controlfield><controlfield tag="008">950805d19951999inudr ne      0    0eng d</controlfield><datafield ind1=" " ind2=" " tag="010"><subfield code="a">sn 95067515 </subfield></datafield><datafield ind1=" " ind2=" " tag="040"><subfield code="a">NPI</subfield><subfield code="b">eng</subfield><subfield code="c">NPI</subfield><subfield code="d">NPI</subfield><subfield code="d">OCLCQ</subfield><subfield code="d">OCLCF</subfield><subfield code="d">OCLCO</subfield></datafield><datafield ind1="1" ind2=" " tag="029"><subfield code="a">AU@</subfield><subfield code="b">000011903862</subfield></datafield><datafield ind1=" " ind2=" " tag="042"><subfield code="a">msc</subfield></datafield><datafield ind1=" " ind2=" " tag="043"><subfield code="a">n-us-in</subfield></datafield><datafield ind1="0" ind2="0" tag="245"><subfield code="a">Vidette-times.</subfield></datafield><datafield ind1=" " ind2=" " tag="260"><subfield code="a">Valparaiso, IN :</subfield><subfield code="b">Northwest Indiana Newspapers, Inc.,</subfield><subfield code="c">1995-1999.</subfield></datafield><datafield ind1=" " ind2=" " tag="300"><subfield code="a">4 v. :</subfield><subfield code="b">ill. ;</subfield><subfield code="c">56-58 cm.</subfield></datafield><datafield ind1=" " ind2=" " tag="310"><subfield code="a">Daily</subfield></datafield><datafield ind1="0" ind2=" " tag="362"><subfield code="a">Vol. 88, no. 21 (Aug. 1, 1995)-v. 91, no. 215 (July 25, 1999).</subfield></datafield><datafield ind1=" " ind2="0" tag="651"><subfield code="a">Valparaiso (Ind.)</subfield><subfield code="v">Newspapers.</subfield></datafield><datafield ind1=" " ind2="7" tag="655"><subfield code="a">Newspapers.</subfield><subfield code="2">fast</subfield><subfield code="0">(OCoLC)fst01423814</subfield></datafield><datafield ind1=" " ind2="7" tag="651"><subfield code="a">Indiana</subfield><subfield code="z">Valparaiso.</subfield><subfield code="2">fast</subfield><subfield code="0">(OCoLC)fst01210544</subfield></datafield><datafield ind1=" " ind2=" " tag="752"><subfield code="a">United States</subfield><subfield code="b">Indiana</subfield><subfield code="c">Porter</subfield><subfield code="d">Valparaiso.</subfield></datafield><datafield ind1="0" ind2="0" tag="780"><subfield code="t">Vidette-messenger of Porter County</subfield><subfield code="w">(DLC)sn 95067514</subfield></datafield><datafield ind1="0" ind2="0" tag="785"><subfield code="t">Times. Vidette final</subfield><subfield code="w">(DLC)sn 00065001</subfield><subfield code="w">(OCoLC)43707880</subfield></datafield></record>